<?xml version="1.0" encoding="UTF-8"?>
<collection xmlns="http://www.loc.gov/MARC21/slim">
    <record>

        <controlfield tag="008">160120s2015    gw            000   ger d</controlfield>
        <leader>     nab a22      a 4500</leader>

        <datafield tag="100" ind1="1" ind2=" ">
            <subfield code="a">{{author[0]['firstname']}} {{author[0]['lastname']}}</subfield>
        </datafield>

        <datafield tag="245" ind1="1" ind2="0">
            <subfield code="a">{{title}}</subfield>
            <subfield code="b"></subfield>
            <subfield code="c">{{author_list}}</subfield>
            <subfield code="c">
                {%- for author_item in author -%}
                    {{author_item['firstname']}} {{author_item['lastname']}}{%- if not loop.last %}, {% endif %}
                {% endfor -%}
            </subfield>
        </datafield>

        <datafield tag="260" ind1=" " ind2=" ">
            <subfield code="a">München :</subfield>
            <subfield code="b">Beck,</subfield>
            <subfield code="c">{{year}}</subfield>
        </datafield>

        <datafield tag="300" ind1=" " ind2=" ">
            <subfield code="a">{{pages.startPrint}}-{{pages.endPrint}}</subfield>
        </datafield>

        <datafield tag="504" ind1=" " ind2=" ">
            <subfield code="a">includes bibliographical references.</subfield>
        </datafield>

        <datafield tag="590" ind1=" " ind2=" ">
            <subfield code="a">arom</subfield>
        </datafield>

        <datafield tag="590" ind1=" " ind2=" ">
            <subfield code="a">#loadchiron</subfield>
        </datafield>

        <datafield tag="LKR" ind1=" " ind2=" ">
            <subfield code="a">ANA</subfield>
            <subfield code="b">(manuell: ID des Bandes)</subfield>
            <subfield code="l">DAI01</subfield>
            <subfield code="n">Chiron. Mitteilungen der Kommission für Alte Geschichte und Epigraphik des Deutschen Archäologischen Instituts, {{volume}} {{year}}</subfield>
            <subfield code="m">{{title}}</subfield>
        </datafield>

    </record>
</collection>
